@misc{data-science-bowl-heart-diesase,
    author = {Data Science Bowl},
    howpublished = {https://datasciencebowl.com/transforming-how-we-diagnose-heart-disease/},
    title = {Transforming how we diagnose heart disease},
    year = {2015}
}
@misc{data-science-bowl-lung-cancer,
    author = {Data Science Bowl},
    howpublished = {https://datasciencebowl.com/turning-machine-intelligence-against-lung-cancer/},
    title = {Turning machine intelligence against lung cancer},
    year = {2016}
}
@misc{data-science-bowl-nuclei,
    author = {Data Science Bowl},
    howpublished = {https://datasciencebowl.com/spot-nuclei-speed-cures/},
    title = {Spot nuclei, speed cures},
    year = {2018}
}
@misc{data-science-bowl-children,
    author = {Data Science Bowl},
    howpublished = {https://www.kaggle.com/c/data-science-bowl-2019/overview},
    title = {Uncover the factors to help measure how young children learn},
    year = {2019}
}
@article{Caicedo2019,
    author = {Caicedo, Juan C.
and Goodman, Allen
and Karhohs, Kyle W.
and Cimini, Beth A.
and Ackerman, Jeanelle
and Haghighi, Marzieh
and Heng, CherKeng
and Becker, Tim
and Doan, Minh
and McQuin, Claire
and Rohban, Mohammad
and Singh, Shantanu
and Carpenter, Anne E.},
    title = {Nucleus segmentation across imaging experiments: the 2018 Data Science Bowl},
    journal = {Nature Methods},
    year = {2019},
    issn = {1548-7105},
    doi = {10.1038/s41592-019-0612-7},
    url = {https://doi.org/10.1038/s41592-019-0612-7}
}
@inproceedings{svm,
    author = {Boser, Bernhard E. and Guyon, Isabelle M. and Vapnik, Vladimir N.},
    title = {A Training Algorithm for Optimal Margin Classifiers},
    booktitle = {Proceedings of the Fifth Annual Workshop on Computational Learning Theory},
    series = {COLT '92},
    year = {1992},
    isbn = {0-89791-497-X},
    location = {Pittsburgh, Pennsylvania, USA},
    pages = {144--152},
    numpages = {9},
    url = {http://doi.acm.org/10.1145/130385.130401},
    doi = {10.1145/130385.130401},
    acmid = {130401},
    publisher = {ACM},
    address = {New York, NY, USA},
}
